<record><leader>00000cas a22000007a 4500</leader><controlfield tag="001">12776047</controlfield><controlfield tag="008">851108c19249999wvucr ne      0    0eng d</controlfield><controlfield tag="009">6116</controlfield><datafield ind1=" " ind2=" " tag="010"><subfield code="a">sn 85059618 </subfield></datafield><datafield ind1=" " ind2=" " tag="040"><subfield code="a">WVC</subfield><subfield code="b">eng</subfield><subfield code="c">WVC</subfield><subfield code="d">DLC</subfield><subfield code="d">OCL</subfield><subfield code="d">DLC</subfield></datafield><datafield ind1="1" ind2=" " tag="029"><subfield code="a">AU@</subfield><subfield code="b">000024228125</subfield></datafield><datafield ind1=" " ind2=" " tag="042"><subfield code="a">msc</subfield></datafield><datafield ind1="0" ind2="4" tag="245"><subfield code="a">The Fayette tribune.</subfield></datafield><datafield ind1=" " ind2=" " tag="260"><subfield code="a">Fayetteville, W. Va. :</subfield><subfield code="b">Charles A. Goddard,</subfield><subfield code="c">1924-</subfield></datafield><datafield ind1=" " ind2=" " tag="300"><subfield code="a">v.</subfield></datafield><datafield ind1=" " ind2=" " tag="310"><subfield code="a">Semiweekly,</subfield><subfield code="b">1976-</subfield></datafield><datafield ind1=" " ind2=" " tag="321"><subfield code="a">Weekly,</subfield><subfield code="b">1924-1945</subfield></datafield><datafield ind1=" " ind2=" " tag="321"><subfield code="a">Daily,</subfield><subfield code="b">1945-1976</subfield></datafield><datafield ind1="0" ind2=" " tag="362"><subfield code="a">Vol. 26, no. 16 (Mar. 5, 1924)-</subfield></datafield><datafield ind1=" " ind2=" " tag="500"><subfield code="a">Moved to Oak Hill, W.Va. in 1943 after plant was destroyed by fire.</subfield></datafield><datafield ind1=" " ind2=" " tag="752"><subfield code="a">United States</subfield><subfield code="b">West Virginia</subfield><subfield code="c">Fayette</subfield><subfield code="d">Oak Hill.</subfield></datafield><datafield ind1=" " ind2=" " tag="752"><subfield code="a">United States</subfield><subfield code="b">West Virginia</subfield><subfield code="c">Fayette</subfield><subfield code="d">Fayetteville.</subfield></datafield><datafield ind1="0" ind2="5" tag="780"><subfield code="t">Fayette tribune and free press</subfield><subfield code="w">(DLC)sn 85059619</subfield></datafield><datafield ind1="0" ind2="5" tag="780"><subfield code="t">Fayette journal (Fayetteville, W. Va.)</subfield><subfield code="w">(DLC)sn 85059615</subfield><subfield code="w">(OCoLC)12776068</subfield></datafield><datafield ind1="0" ind2="5" tag="780"><subfield code="t">Fayette democrat (Fayetteville, W. Va. : 1914)</subfield><subfield code="w">(DLC)sn 85059614</subfield></datafield><datafield ind1="0" ind2="5" tag="780"><subfield code="t">Montgomery news (Montgomery, W. Va.)</subfield><subfield code="w">(DLC)sn 85059617</subfield></datafield><datafield ind1="0" ind2="5" tag="780"><subfield code="t">Fayette news (Oak Hill, W. Va.)</subfield><subfield code="w">(DLC)sn 85059629</subfield></datafield></record>